@article{spring1982,
title = {Conduit flow of a fluid through its solid phase and its application to intraglacial channel flow},
journal = {International Journal of Engineering Science},
volume = {20},
number = {2},
pages = {327-363},
year = {1982},
issn = {0020-7225},
doi = {https://doi.org/10.1016/0020-7225(82)90029-5},
url = {https://www.sciencedirect.com/science/article/pii/0020722582900295},
author = {U. Spring and K. Hutter},
}

@article{spring1981,
title = {Numerical studies of {J}\"okulhlaups},
journal = {Cold Regions Science and Technology},
volume = {4},
number = {3},
pages = {227-244},
year = {1981},
issn = {0165-232X},
doi = {https://doi.org/10.1016/0165-232X(81)90006-9},
url = {https://www.sciencedirect.com/science/article/pii/0165232X81900069},
author = {Ulrich Spring and Kolumban Hutter},
}

@article{clarke1982,
title={Glacier Outburst Floods From ``{H}azard {L}ake'', {Y}ukon {T}erritory, and the Problem of Flood Magnitude Prediction}, volume={28}, DOI={10.3189/S0022143000011746}, number={98}, journal={Journal of Glaciology}, publisher={Cambridge University Press}, author={Clarke, Garry K. C.}, year={1982}, pages={3–21}}

@article{flowers2004,
author = {Flowers, Gwenn E. and Björnsson, Helgi and Pálsson, Finnur and Clarke, Garry K. C.},
title = {A coupled sheet-conduit mechanism for j\"okulhlaup propagation},
journal = {Geophysical Research Letters},
volume = {31},
number = {5},
pages = {},
doi = {https://doi.org/10.1029/2003GL019088},
year = {2004}
}

@article{clarke2003, title={Hydraulics of subglacial outburst floods: new insights from the {S}pring–{H}utter formulation}, volume={49}, DOI={10.3189/172756503781830728}, number={165}, journal={Journal of Glaciology}, publisher={Cambridge University Press}, author={Clarke, Garry K. C.}, year={2003}, pages={299–313}}


@article{nye1976,
  title={Water flow in glaciers: j{\"o}kulhlaups, tunnels and veins},
  author={Nye, John F},
  journal={Journal of Glaciology},
  volume={17},
  number={76},
  pages={181--207},
  year={1976},
  publisher={Cambridge University Press}
}

@article{rothlisberger1972, title={Water Pressure in Intra- and Subglacial Channels}, volume={11}, DOI={10.3189/S0022143000022188}, number={62}, journal={Journal of Glaciology}, publisher={Cambridge University Press}, author={R\"othlisberger, Hans}, year={1972}, pages={177–203}}

@article{werder2013,
  title={Modeling channelized and distributed subglacial drainage in two dimensions},
  author={Werder, Mauro A and Hewitt, Ian J and Schoof, Christian G and Flowers, Gwenn E},
  journal={Journal of Geophysical Research: Earth Surface},
  volume={118},
  number={4},
  pages={2140--2158},
  year={2013},
  publisher={Wiley Online Library}
}

@article{bjornsson1975,
  title={Subglacial water reservoirs, Joekulhlaupr and volcanic eruptions},
  author={Bj{\"o}rnsson, Helgi},
  journal={Joekull (Reykjavik);(Iceland)},
  volume={25},
  year={1975}
}


@article{bjornsson2010,
  title={Understanding j{\"o}kulhlaups: from tale to theory},
  author={Bj{\"o}rnsson, Helgi},
  journal={Journal of Glaciology},
  volume={56},
  number={200},
  pages={1002--1010},
  year={2010},
  publisher={Cambridge University Press}
}

@article{bjornsson1993,
  title={Variations in the thermal output of the subglacial Gr{\'\i}msv{\"o}tn caldera, {I}celand},
  author={Bj{\"o}rnsson, Helgi and Gudmundsson, Magn{\'u}s T},
  journal={Geophysical research letters},
  volume={20},
  number={19},
  pages={2127--2130},
  year={1993},
  publisher={Wiley Online Library}
}
